



@book{ ksontini,
  author =           {Ksontini, R.},
  title =            {Proprietes  homotopiques  du  complexe  de  Quillen du
                      groupe symetrique},
  publisher =        {These de doctorat, Universitet de Lausanne},
  year =             {2000},
  url =              {http://sma.epfl.ch/\texttt{\symbol{126}}thevenaz/theses/Ksontini{\textunderscore}thesis.pdf},
  printedkey =       {Kso00}
}
@article{ MR1758871,
  author =           {Satoh, S.},
  title =            {Virtual knot presentation of ribbon torus-knots},
  journal =          {J. Knot Theory Ramifications},
  volume =           {9},
  number =           {4},
  year =             {2000},
  pages =            {531--542},
  fjournal =         {Journal of Knot Theory and its Ramifications},
  issn =             {0218-2165},
  mrclass =          {57Q45 (57M25)},
  mrnumber =         {1758871},
  mrreviewer =       {Seiichi Kamada},
  url =              {https://doi.org/10.1142/S0218216500000293},
  doi =              {10.1142/S0218216500000293},
  printedkey =       {Sat00}
}
@article{ MR2441256,
  author =           {Kauffman, L. H. and Faria Martins, J.},
  title =            {Invariants  of welded virtual knots via crossed module
                      invariants of knotted surfaces},
  journal =          {Compos. Math.},
  volume =           {144},
  number =           {4},
  year =             {2008},
  pages =            {1046--1080},
  fjournal =         {Compositio Mathematica},
  issn =             {0010-437X},
  mrclass =          {57M25 (57Q45)},
  mrnumber =         {2441256},
  mrreviewer =       {Riccardo Piergallini},
  url =              {https://doi.org/10.1112/S0010437X07003429},
  doi =              {10.1112/S0010437X07003429},
  printedkey =       {KM08}
}
