% MONOID bibliography


@unpublished{classification,
	Author = {Ara\'ujo, J. and Mitchell, J. D. and Schneider, Csaba},
	Month = {November},
	Note = {submitted for publication.},
	Title = {Groups that together with any transformation generate regular semigroups or idempotent generated semigroups},
	Year = {2009}}

@article{mazorchuk,
	Author = {Kudryavtseva, Ganna and Mazorchuk, Volodymyr},
	Journal = {Yokohama Math. J.},
	Number = {1},
	Pages = {21--46},
	Title = {On {K}iselman's semigroup},
	Volume = {55},
	Year = {2009}}


@article{largest,
	Author = {Gray, R. and Mitchell, J. D.},
	Journal = {Discrete Math.},
	Number = {20},
	Pages = {4801--4810},
	Title = {Largest subsemigroups of the full transformation monoid},
	Volume = {308},
	Year = {2008}}

@article{computing,
	Author = {Ara{\'u}jo, J. and B{\"u}nau, P. V. and Mitchell, J. D. and Neunh{\"o}ffer, M.},
	Journal = {J. Symbolic Comput.},
	Number = {3},
	Pages = {373--392},
	Title = {Computing automorphisms of semigroups},
	Volume = {45},
	Year = {2010}}

@article {lallement,
    AUTHOR = {Lallement, G. and McFadden, R.},
     TITLE = {On the determination of {G}reen's relations in finite
              transformation semigroups},
   JOURNAL = {J. Symbolic Comput.},
  FJOURNAL = {Journal of Symbolic Computation},
    VOLUME = {10},
      YEAR = {1990},
    NUMBER = {5},
     PAGES = {481--498},
      ISSN = {0747-7171},
   MRCLASS = {20M20 (68Q45)},
  MRNUMBER = {MR1087717 (91k:20076)},
MRREVIEWER = {Dominique Perrin},
}


@article{pfeiffer2,
	Author = {Linton, S. A. and Pfeiffer, G. and Robertson, E. F. and Ru{\v{s}}kuc, N.},
	Journal = {J. Symbolic Comput.},
	Number = {2},
	Pages = {145--162},
	Title = {Computing transformation semigroups},
	Volume = {33},
	Year = {2002}}

@article{pfeiffer1,
	Author = {Linton, S. A. and Pfeiffer, G. and Robertson, E. F. and Ru{\v{s}}kuc, N.},
	Journal = {Math. Z.},
	Number = {3},
	Pages = {435--450},
	Title = {Groups and actions in transformation semigroups},
	Volume = {228},
	Year = {1998}}

 
@book {howie,
    AUTHOR = {Howie, John M.},
     TITLE = {Fundamentals of semigroup theory},
    SERIES = {London Mathematical Society Monographs. New Series},
    VOLUME = {12},
      NOTE = {Oxford Science Publications},
 PUBLISHER = {The Clarendon Press Oxford University Press},
   ADDRESS = {New York},
      YEAR = {1995},
     PAGES = {x+351},
      ISBN = {0-19-851194-9},
   MRCLASS = {20Mxx (20-02)},
  MRNUMBER = {MR1455373 (98e:20059)},
}

@article {gomes1,
    AUTHOR = {Gomes, Gracinda M. S. and Howie, John M.},
     TITLE = {On the ranks of certain semigroups of order-preserving
              transformations},
   JOURNAL = {Semigroup Forum},
  FJOURNAL = {Semigroup Forum},
    VOLUME = {45},
      YEAR = {1992},
    NUMBER = {3},
     PAGES = {272--282},
      ISSN = {0037-1912},
     CODEN = {SMGFAN},
   MRCLASS = {20M20},
  MRNUMBER = {MR1179851 (93h:20070)},
MRREVIEWER = {Inessa Levi},
}

@article {arthur1,
    AUTHOR = {Arthur, Robert E. and Ruskuc, N.},
     TITLE = {Presentations for two extensions of the monoid of
              order-preserving mappings on a finite chain},
   JOURNAL = {Southeast Asian Bull. Math.},
  FJOURNAL = {Southeast Asian Bulletin of Mathematics},
    VOLUME = {24},
      YEAR = {2000},
    NUMBER = {1},
     PAGES = {1--7},
      ISSN = {0129-2021},
   MRCLASS = {20M05 (20M20)},
  MRNUMBER = {MR1811207 (2001k:20123)},
}
